
@article{falkner__BOHBRobustEfficient,
  title = {{{BOHB}}: {{Robust}} and {{Efficient Hyperparameter Optimization}} at {{Scale}}},
  author = {Falkner, Stefan and Klein, Aaron and Hutter, Frank},
  pages = {10},
  language = {en}
}

@article{agrawal__MinimumDistortionEmbedding,
  title = {Minimum-{{Distortion Embedding}}},
  author = {Agrawal, Akshay and Ali, Alnur and Boyd, Stephen},
  pages = {179},
  language = {en}
}



